@ARTICLE{7555393,
author={A. Rocha and W. J. Scheirer and C. W. Forstall and T. Cavalcante and A. Theophilo and B. Shen and A. R. B. Carvalho and E. Stamatatos},
journal={IEEE Transactions on Information Forensics and Security},
title={Authorship Attribution for Social Media Forensics},
year={2017},
volume={12},
number={1},
pages={5-33},
keywords={computational linguistics;digital forensics;learning (artificial intelligence);smart phones;social networking (online);authorship attribution algorithm;computational linguistics;context exploitation;distributed networks;habit peculiarities;machine learning algorithms;multimodal data processing;prepaid SIM cards;public Wi-Fi hotspots;smartphones;social media forensics;supervised learning-based;user anonymity;user identification;writing style;Context;Feature extraction;Forensics;Internet;Media;Speech;Writing;Authorship attribution;computational linguistics;forensics;machine learning;social media;stylometry},
doi={10.1109/TIFS.2016.2603960},
ISSN={1556-6013},
month={Jan},}

@misc{CA,
  title = {The Cambridge Analytica files: the story so far },
  howpublished = {\url{https://tinyurl.com/y73a5zby}},
  note = {Accessed: 2018-05-12}
}

@inproceedings{pennington2014glove,
  author = {Jeffrey Pennington and Richard Socher and Christopher D. Manning},
  booktitle = {Empirical Methods in Natural Language Processing (EMNLP)},
  title = {GloVe: Global Vectors for Word Representation},
  year = {2014},
  pages = {1532--1543},
  url = {http://www.aclweb.org/anthology/D14-1162},
}

@article{scikit-learn,
 title={Scikit-learn: Machine Learning in {P}ython},
 author={Pedregosa, F. and Varoquaux, G. and Gramfort, A. and Michel, V.
         and Thirion, B. and Grisel, O. and Blondel, M. and Prettenhofer, P.
         and Weiss, R. and Dubourg, V. and Vanderplas, J. and Passos, A. and
         Cournapeau, D. and Brucher, M. and Perrot, M. and Duchesnay, E.},
 journal={Journal of Machine Learning Research},
 volume={12},
 pages={2825--2830},
 year={2011}
}
