@article{Duchi:2011:ASM:1953048.2021068,
 author = {Duchi, John and Hazan, Elad and Singer, Yoram},
 title = {Adaptive Subgradient Methods for Online Learning and Stochastic Optimization},
 journal = {J. Mach. Learn. Res.},
 issue_date = {2/1/2011},
 volume = {12},
 month = jul,
 year = {2011},
 issn = {1532-4435},
 pages = {2121--2159},
 numpages = {39},
 url = {http://dl.acm.org/citation.cfm?id=1953048.2021068},
 acmid = {2021068},
 publisher = {JMLR.org},
}

@INPROCEEDINGS{5337441,
author={B. Wang and Y. Guo and X. Kong and F. Meng},
booktitle={2009 Fifth International Conference on Intelligent Information Hiding and Multimedia Signal Processing},
title={Source Camera Identification Forensics Based on Wavelet Features},
year={2009},
volume={},
number={},
pages={702-705},
keywords={cameras;feature extraction;image classification;message authentication;support vector machines;wavelet transforms;SFFS method;authentication;digital camera;digital image source camera;feature correlation reduction;feature redundancy reduction;higher-order wavelet feature extraction;multiclass SVM;passive forensic method;pipeline imaging processing;sequential forward feature selection;source camera identification forensic;support vector machine classifier;wavelet coefficient co-occurrence feature;Digital cameras;Digital images;Feature extraction;Forensics;Interpolation;Pipelines;Smart cameras;Support vector machine classification;Support vector machines;Wavelet coefficients;data;trajectorie},
doi={10.1109/IIH-MSP.2009.244},
ISSN={},
month={Sept},}

@INPROCEEDINGS{6913721,
author={J. R. Corripio and D. M. A. Gonz√°lez and A. L. S. Orozco and L. J. G. Villalba and J. Hernandez-Castro and S. J. Gibson},
booktitle={5th International Conference on Imaging for Crime Detection and Prevention (ICDP 2013)},
title={Source smartphone identification using sensor pattern noise and wavelet transform},
year={2013},
volume={},
number={},
pages={1-6},
keywords={data mining;digital forensics;image processing;image sensors;mobile computing;multimedia computing;smart phones;support vector machines;wavelet transforms;digital cameras;digital forensics;digital photograph;digital photographs;imaging devices;multimedia data mining;pattern noise;sensor pattern noise;source camera;source cameras;source smartphone identification;support vector machine;wavelet transform;Accuracy;Cameras;Feature extraction;Image color analysis;Mobile handsets;Noise;Support vector machines;Digital Image;Forensics Analysis;PRNU;Photo Response Non Uniformity},
doi={10.1049/ic.2013.0267},
ISSN={},
month={Dec},}
