@INPROCEEDINGS{8102147,
author={J. Clifford and K. Garfield and M. Towhidnejad and J. Neighbors and M. Miller and E. Verenich and G. Staskevich},
booktitle={2017 IEEE/AIAA 36th Digital Avionics Systems Conference (DASC)},
title={Multi-layer model of swarm intelligence for resilient autonomous systems},
year={2017},
volume={},
number={},
pages={1-4},
keywords={autonomous aerial vehicles;genetic algorithms;learning (artificial intelligence);mobile robots;Air Force Research Lab;Embry-Riddle Aeronautical University;anti-access area denial environments;artificial life concepts;artificial life paradigm;central nervous system;cyber-physical layer;deliberative layer;fast-reactive control systems;genetic algorithm;higher layers;hostile environments;intelligence-surveillance-reconnaissance task;intelligent adaptive adversaries;lower layers;machine learning techniques;multilayer model;physical configuration;reactive layer;resilient autonomous systems;stable environment;swarm intelligence;Autonomous systems;Bioinformatics;Force;Genetic algorithms;Genomics;Planning;Sensors;Genetic Algorithm;Intelligent Systems;Neural Network},
doi={10.1109/DASC.2017.8102147},
ISSN={},
month={Sept},}

@article{SALOMON1997199,
title = "The evolution of different neuronal control structures for autonomous agents",
journal = "Robotics and Autonomous Systems",
volume = "22",
number = "3",
pages = "199 - 213",
year = "1997",
note = "Robot Learning: The New Wave",
issn = "0921-8890",
doi = "https://doi.org/10.1016/S0921-8890(97)00039-0",
url = "http://www.sciencedirect.com/science/article/pii/S0921889097000390",
author = "Ralf Salomon",
keywords = "Evolutionary algorithms, Evolving neural network controllers, Autonomous agents, Braitenberg vehicles, Receptive fields"
}

@INPROCEEDINGS{6146976,
author={M. L. Seto},
booktitle={2011 10th International Conference on Machine Learning and Applications and Workshops},
title={On-line Learning with Evolutionary Algorithms towards Adaptation of Underwater Vehicle Missions to Dynamic Ocean Environments},
year={2011},
volume={1},
number={},
pages={235-240},
keywords={autonomous underwater vehicles;genetic algorithms;learning (artificial intelligence);nonlinear dynamical systems;autonomous underwater vehicles;dynamic ocean environments;energy budget;energy evaluation;energy management;evolutionary algorithm;genetic algorithm;mission duration;nonlinear dynamics;online learning;underwater communication;underwater vehicle missions;Energy consumption;Genetic algorithms;Propulsion;Robots;Sensors;Sonar;Vehicle dynamics;autonomous underwater vehicles;evolutionary algorithms;mission-planning},
doi={10.1109/ICMLA.2011.110},
ISSN={},
month={Dec},}


@MISC{News,
  title = {Companies have invested \textasciitilde\$80 billion in self-driving tech with no clear leader},
  howpublished = {\url{https://electrek.co/2017/10/17/companies-invested-self-driving-tech/}},
  note = {Accessed: 2018-03-10}
}

